@article{bastosetal19,
  author  = "Leonardo S. Bastos and Theodoros Economou and Marcelo F. C. Gomes and Daniel A. M. Villela and Flavio C Coelho and Oswaldo G. Cruz and Oliver Stoner and Trevor Bailey and Claudia T. Code√ßo",
  title   = "{A modelling approach for correcting reporting delays in disease surveillance data}",
  journal = "{Statistics in Medicine}",
  year    = 2019,
  volume  = "",
  number  = "",
  pages   = "",
  url = "https://doi.org/10.1002/sim.8303"
}
