@article{moraga19,
  author = {Paula Moraga},
  title = {{Geospatial Health Data: Modeling and Visualization with R-INLA and Shiny}},
  year = {2019},
  journal = {{Chapman & Hall/CRC Biostatistics Series}},
  url = "https://www.paulamoraga.com/book-geospatial/"
}


@article{moraga18,
  author = {Paula Moraga},
  title = {{Small Area Disease Risk Estimation and Visualization Using R}},
  year = {2018},
  journal = {{The R Journal}},
  doi = {10.32614/RJ-2018-036},
  url = {https://journal.r-project.org/archive/2018/RJ-2018-036/RJ-2018-036.pdf},
  pages = {495--506},
  volume = {10},
  number = {1}
}

