@article{koplewitzetal22,
  author  = "Gal Koplewitz and Fred Lu and Leonardo Clemente and Caroline Buckee and Mauricio Santillana",
  title   = "{Predicting dengue incidence leveraging internet-based data sources. A case study in 20 cities in Brazil}",
  journal = "{PLOS Neglected Tropical Diseases}",
  year    = 2022,
  volume  = "",
  number  = "",
  pages   = "",
  url = "https://doi.org/10.1371/journal.pntd.0010071"
}

@article{castroetal21,
  author  = "Lauren A. Castro and Nicholas Generous and Wei Luo and Ana Pastore y Piontti and Kaitlyn Martinez and Marcelo F. C. Gomes and Dave Osthus and Geoffrey Fairchild and Amanda Ziemann and Alessandro Vespignani and Mauricio Santillana and Carrie A. Manore and Sara Y. Del Valle",
  title   = "{Using heterogeneous data to identify signatures of dengue outbreaks at fine spatio-temporal scales across Brazil}",
  journal = "{PLOS Neglected Tropical Diseases}",
  year    = 2021,
  volume  = "",
  number  = "",
  pages   = "",
  url = "https://doi.org/10.1371/journal.pntd.0009392"
}

@article{romeroalvarezetal20,
  author  = "Daniel Romero-Alvarez and Nidhi Parikh and Dave Osthus and Kaitlyn Martinez and Nicholas Generous and Sara del Valle and Carrie A. Manore",
  title   = "{Google Health Trends performance reflecting dengue incidence for the Brazilian states}",
  journal = "{BMC Infectious Diseases}",
  year    = 2020,
  volume  = "",
  number  = "",
  pages   = "",
  url = "https://doi.org/10.1186/s12879-020-04957-0"
}



@article{souzaetal19,
  author  = "Roberto C.S.N.P. Souza and Renato M. Assun√ß\~{a}o and Derick M. Oliveira and Daniel B. Neill and Wagner Meira Jr.",
  title   = "{Where did I get dengue? Detecting spatial clusters of infection risk with social network data}",
  journal = "{Spatial and Spatio-temporal Epidemiology}",
  year    = 2019,
  volume  = "29",
  number  = "163-175",
  pages   = "",
  url = "https://doi.org/10.1016/j.sste.2018.11.005"
}


@article{souzaetal19a,
  author  = "Roberto Souza and Renato M. Assuncao and Derick M. Oliveira and Daniel B. Neill and Wagner Meira Jr.",
  title   = "{Where did I get dengue? Detecting spatial clusters of infection risk with social network data}",
  journal = "{Spatial and Spatio-temporal Epidemiology}",
  year    = 2019,
  volume  = "29",
  number  = "163-175",
  pages   = "",
  url = "https://doi.org/10.1016/j.sste.2018.11.005"
}


@article{souzaetal19b,
  author  = "Souza, R. and Neill, D. B. and Assuncao and R. M., and Meira, Jr., W.",
  title   = "{Identifying High-Risk Areas for Dengue Infection Using Mobility Patterns on Twitter}",
  journal = "{Online Journal of Public Health Informatics}",
  year    = 2019,
  volume  = "11",
  number  = "1",
  pages   = "",
  url = "https://doi.org/10.5210/ojphi.v11i1.9754"
}


