@article{chouchenetal23,
  author  = "Shu Wei Chou-Chen and Luis A. Barboza and Paola Vásquez and Yury E. García and Juan G. Calvo and Hugo G. Hidalgo and Fabio Sanchez",
  title   = "{Bayesian spatio-temporal model with INLA for dengue fever risk prediction in Costa Rica}",
  journal = "{Environmental and Ecological Statistics}",
  year    = 2023,
  volume  = "",
  number  = "",
  pages   = "",
  url = "https://doi.org/10.1007/s10651-023-00580-9"
}

@article{nguyenetal22,
  author  = "Van-Hau Nguyen and Tran Thi Tuyet-Hanh and James Mulhall and Hoang Van Minh and Trung Q. Duong and Nguyen Van Chien and Nguyen Thi Trang Nhung and Vu Hoang Lan and Hoang Ba Minh and Do Cuong and Nguyen Ngoc Bich and Nguyen Huu Quyen and Tran Nu Quy Linh and Nguyen Thi Tho and Ngu Duy Nghia and Le Van Quoc Anh and Diep T. M. Phan and Nguyen Quoc Viet Hung and Mai Thai Son",
  title   = "{Deep learning models for forecasting dengue fever based on climate data in Vietnam}",
  journal = "{PLOS Neglected Tropical Diseases}",
  year    = 2022,
  volume  = "",
  number  = "",
  pages   = "",
  url = "https://doi.org/10.1371/journal.pntd.0010509"
}


@article{loweetal21,
  author  = "Rachel Lowe and Sophie A Lee and Kathleen M O'Reilly and Oliver J Brady and Leonardo Bastos and Gabriel Carrasco-Escobar and Rafael de Castro Cat\~{a}o and Felipe J Col\'{o}n-Gonz\'{a}lez and Christovam Barcellos and Marilia S\'{a} Carvalho and Marta Blangiardo and Håvard Rue and Antonio Gasparrini",
  title   = "{Combined effects of hydrometeorological hazards and urbanisation on dengue risk in Brazil: a spatiotemporal modelling study}",
  journal = "{The Lancet Planetary Health}",
  year    = 2021,
  volume  = "",
  number  = "",
  pages   = "",
  url = "https://doi.org/10.1016/S2542-5196(20)30292-8"
}


@article{yangetal15,
  author  = "Shihao Yang and Mauricio Santillana and S. C. Kou",
  title   = "{Accurate estimation of influenza epidemics using Google search data via ARGO}",
  journal = "{Proceedings of the National Academy of Sciences}",
  year    = 2015,
  volume  = "",
  number  = "",
  pages   = "",
  url = "https://doi.org/10.1073/pnas.1515373112"
}

@article{yangetal15,
  author  = "Shihao Yang and Samuel C. Kou and Fred Lu and John S. Brownstein and Nicholas Brooke and Mauricio Santillana",
  title   = "{Advances in using Internet searches to track dengue}",
  journal = "{PLOS Computational Biology}",
  year    = 2017,
  volume  = "",
  number  = "",
  pages   = "",
  url = "https://doi.org/10.1371/journal.pcbi.1005607"
}



